@article{MovieLens,
    author = "F. Maxwell Harper and Joseph A. Konstan",
    title = "The MovieLens Datasets: History and Context. ACM Transactions on Interactive Intelligent Systems (TiiS)",
    journal = "ACM Transactions on Interactive Intelligent Systems (TiiS)",
    volume = "5",
    number = "4",
    pages = "19:1â€“19:19",
    year = "1905",
    DOI = "https://doi.org/10.1145/2827872",
    keywords = "Movie"
}